<record><leader>00000cas a22000007a 4500</leader><controlfield tag="001">24864901</controlfield><controlfield tag="008">911127c19919999sdudn ne      0   a0eng c</controlfield><datafield ind1=" " ind2=" " tag="010"><subfield code="a">sn 91003797 </subfield></datafield><datafield ind1=" " ind2=" " tag="040"><subfield code="a">NSD</subfield><subfield code="b">eng</subfield><subfield code="c">NSD</subfield><subfield code="d">OCLCQ</subfield></datafield><datafield ind1=" " ind2=" " tag="012"><subfield code="j">0</subfield><subfield code="m">1</subfield></datafield><datafield ind1="1" ind2=" " tag="022"><subfield code="a">1060-0914</subfield><subfield code="l">1060-0914</subfield><subfield code="2">1</subfield></datafield><datafield ind1=" " ind2=" " tag="032"><subfield code="a">008158</subfield><subfield code="b">USPS</subfield></datafield><datafield ind1=" " ind2=" " tag="037"><subfield code="b">Belle Fourche Black Hills Pioneer, P.O. Box 217, Belle Fourche SD 57717</subfield></datafield><datafield ind1=" " ind2=" " tag="042"><subfield code="a">nsdp</subfield><subfield code="a">pcc</subfield></datafield><datafield ind1=" " ind2="0" tag="222"><subfield code="a">Belle Fourche Black Hills pioneer</subfield></datafield><datafield ind1="0" ind2="0" tag="245"><subfield code="a">Belle Fourche Black Hills pioneer.</subfield></datafield><datafield ind1=" " ind2=" " tag="260"><subfield code="a">Belle Fourche, SD :</subfield><subfield code="b">Seaton Publications</subfield></datafield><datafield ind1=" " ind2=" " tag="300"><subfield code="a">v.</subfield></datafield><datafield ind1=" " ind2=" " tag="310"><subfield code="a">Daily (except Saturday, Sunday, holidays)</subfield></datafield><datafield ind1="1" ind2=" " tag="362"><subfield code="a">Began in 1991.</subfield></datafield><datafield ind1=" " ind2=" " tag="588"><subfield code="a">Description based on: Vol. 1, no. 7 (Nov. 1, 1991).</subfield></datafield><datafield ind1=" " ind2=" " tag="588"><subfield code="a">Latest issue consulted: Vol. 3, no. 70 (Jan. 23, 1992).</subfield></datafield><datafield ind1=" " ind2=" " tag="752"><subfield code="a">United States</subfield><subfield code="b">South Dakota</subfield><subfield code="c">Lawrence</subfield><subfield code="d">Belle Fourche.</subfield></datafield><datafield ind1="1" ind2=" " tag="787"><subfield code="t">Black Hills pioneer (Lead, S.D. : 1989)</subfield><subfield code="x">1061-6179</subfield><subfield code="w">(DLC)sn 92002500</subfield><subfield code="w">(OCoLC)21928320</subfield></datafield><datafield ind1="1" ind2=" " tag="029"><subfield code="a">AU@</subfield><subfield code="b">000025866902</subfield></datafield></record>